@inproceedings{hcipy,
        author = {Por, E.~H. and Haffert, S.~Y. and Radhakrishnan, V.~M. and Doelman, D.~S. and Van Kooten, M. and Bos, S.~P.},
        title = "{High Contrast Imaging for Python (HCIPy): an open-source adaptive optics and coronagraph simulator}",
        booktitle = {Adaptive Optics Systems VI},
        year = 2018,
        series = {Proc. {{SPIE}}},
        volume = 10703,
        doi = {10.1117/12.2314407},
        URL = {https://doi.org/10.1117/12.2314407}
}

@article{vapp_snik,
author = {Snik, Frans and Otten, Gilles and Kenworthy, Matthew and Miskiewicz, Matthew and Escuti, Michael and Packham, Christopher and Codona, Johanan},
year = {2012},
month = {07},
title = {The Vector-APP: a Broadband Apodizing Phase Plate that yields
Complementary PSFs},
volume = {8450},
journal = {Proc SPIE},
doi = {10.1117/12.926222}
}

@ARTICLE{vapp_otten,
       author = {{Otten}, Gilles P.~P.~L. and {Snik}, Frans and {Kenworthy}, Matthew A. and
         {Keller}, Christoph U. and {Males}, Jared R. and {Morzinski}, Katie M. and
         {Close}, Laird M. and {Codona}, Johanan L. and {Hinz}, Philip M. and
         {Hornburg}, Kathryn J. and {Brickson}, Leandra L. and
         {Escuti}, Michael J.},
        title = "{On-sky Performance Analysis of the Vector Apodizing Phase Plate Coronagraph on MagAO/Clio2}",
      journal = {The Astrophysical Journal},
     keywords = {infrared: planetary systems, instrumentation: high angular resolution, Astrophysics - Instrumentation and Methods for Astrophysics},
         year = "2017",
        month = "Jan",
       volume = {834},
       number = {2},
          eid = {175},
        pages = {175},
          doi = {10.3847/1538-4357/834/2/175},
archivePrefix = {arXiv},
       eprint = {1702.04193},
 primaryClass = {astro-ph.IM},
       adsurl = {https://ui.adsabs.harvard.edu/abs/2017ApJ...834..175O},
      adsnote = {Provided by the SAO/NASA Astrophysics Data System}
}

@ARTICLE{self_sub1,
       author = {{Perrot}, C. and {Boccaletti}, A. and {Pantin}, E. and
         {Augereau}, J. -C. and {Lagrange}, A. -M. and {Galicher}, R. and
         {Maire}, A. -L. and {Mazoyer}, J. and {Milli}, J. and {Rousset}, G. and
         {Gratton}, R. and {Bonnefoy}, M. and {Brandner}, W. and {Buenzli}, E. and
         {Langlois}, M. and {Lannier}, J. and {Mesa}, D. and {Peretti}, S. and
         {Salter}, G. and {Sissa}, E. and {Chauvin}, G. and {Desidera}, S. and
         {Feldt}, M. and {Vigan}, A. and {Di Folco}, E. and {Dutrey}, A. and
         {P{\'e}ricaud}, J. and {Baudoz}, P. and {Benisty}, M. and
         {De Boer}, J. and {Garufi}, A. and {Girard}, J.~H. and {Menard}, F. and
         {Olofsson}, J. and {Quanz}, S.~P. and {Mouillet}, D. and
         {Christiaens}, V. and {Casassus}, S. and {Beuzit}, J. -L. and
         {Blanchard}, P. and {Carle}, M. and {Fusco}, T. and {Giro}, E. and
         {Hubin}, N. and {Maurel}, D. and {Moeller-Nilsson}, O. and {Sevin}, A. and
         {Weber}, L.},
        title = "{Discovery of concentric broken rings at sub-arcsec separations in the HD 141569A gas-rich, debris disk with VLT/SPHERE}",
      journal = {Astronomy \& Astrophysics},
     keywords = {stars: individual: HD 141569A, protoplanetary disks, planet-disk interactions, stars: early-type, techniques: high angular resolution, techniques: image processing, Astrophysics - Earth and Planetary Astrophysics},
         year = "2016",
        month = "May",
       volume = {590},
          eid = {L7},
        pages = {L7},
          doi = {10.1051/0004-6361/201628396},
archivePrefix = {arXiv},
       eprint = {1605.00468},
 primaryClass = {astro-ph.EP},
       adsurl = {https://ui.adsabs.harvard.edu/abs/2016A&A...590L...7P},
      adsnote = {Provided by the SAO/NASA Astrophysics Data System}
}

@ARTICLE{self_sub2,
       author = {{Reggiani}, M. and {Christiaens}, V. and {Absil}, O. and {Mawet}, D. and
         {Huby}, E. and {Choquet}, E. and {Gomez Gonzalez}, C.~A. and
         {Ruane}, G. and {Femenia}, B. and {Serabyn}, E. and {Matthews}, K. and
         {Barraza}, M. and {Carlomagno}, B. and {Defrere}, D. and
         {Delacroix}, C. and {Habraken}, S. and {Jolivet}, A. and
         {Karlsson}, M. and {Orban de Xivry}, G. and {Piron}, P. and
         {Surdej}, J. and {Vargas Catalan}, E. and {Wertz}, O.},
        title = "{VizieR Online Data Catalog: Angular differential imaging of MCW 758 (Reggiani+, 2018)}",
      journal = {VizieR Online Data Catalog},
     keywords = {Stars: Be, Photometry: infrared},
         year = "2017",
        month = "Nov",
          eid = {J/A+A/611/A74},
        pages = {J/A+A/611/A74},
       adsurl = {https://ui.adsabs.harvard.edu/abs/2017yCat..36110074R},
      adsnote = {Provided by the SAO/NASA Astrophysics Data System}
}



@article{vapp_doelman,
year = {2017},
author = {David S. Doelman and Frans Snik and Nathaniel Z. Warriner and Michael J. Escuti},
journal = {Proceedings SPIE 10400, Techniqes and Instrumentation for Detection of Exoplanets VIII},
title = {Patterned liquid-crystal optics for broadband coronagraphy and wavefront sensing},
}

@Misc{scipy,
  author =    {Eric Jones and Travis Oliphant and Pearu Peterson and others},
  title =     {{SciPy}: Open source scientific tools for {Python}},
  year =      {2001--},
  url = "http://www.scipy.org/",
  note = {[Online; accessed 21 may 2019]}
}

@Misc{numpy,
  author =    {Travis Oliphant},
  title =     {{NumPy}: A guide to {NumPy}},
  year =      {2006--},
  howpublished = {USA: Trelgol Publishing},
  url = "http://www.numpy.org/",
  note = {[Online; accessed 22 may 2019]}
 }


@article{register_translation,
author = {Manuel Guizar-Sicairos and Samuel T. Thurman and James R. Fienup},
journal = {Opt. Lett.},
keywords = {Digital image processing; Image reconstruction-restoration; Pattern recognition; Phase retrieval; Fast Fourier transforms; Fourier transforms; Image processing; Image quality; Image registration; Phase retrieval},
number = {2},
pages = {156--158},
publisher = {OSA},
title = {Efficient subpixel image registration algorithms},
volume = {33},
month = {Jan},
year = {2008},
url = {http://ol.osa.org/abstract.cfm?URI=ol-33-2-156},
doi = {10.1364/OL.33.000156},
abstract = {Three new algorithms for 2D translation image registration to within a small fraction of a pixel that use nonlinear optimization and matrix-multiply discrete Fourier transforms are compared. These algorithms can achieve registration with an accuracy equivalent to that of the conventional fast Fourier transform upsampling approach in a small fraction of the computation time and with greatly reduced memory requirements. Their accuracy and computation time are compared for the purpose of evaluating a translation-invariant error metric.},
}


@article{Marois_2006,
	doi = {10.1086/500401},
	url = {https://doi.org/10.1086%2F500401},
	year = 2006,
	month = {apr},
	publisher = {{IOP} Publishing},
	volume = {641},
	number = {1},
	pages = {556--564},
	author = {Christian Marois and David Lafreniere and Rene Doyon and Bruce Macintosh and Daniel Nadeau},
	title = {Angular Differential Imaging: A Powerful High-Contrast Imaging Technique},
	journal = {The Astrophysical Journal},
}

@ARTICLE{marois_2005,
       author = {{Marois}, Christian and {Doyon}, R. and {Racine}, R. and {Nadeau}, D. and
         {Lafreniere}, D. and {Vallee}, P. and {Riopel}, M. and {Macintosh}, B.},
        title = "{Direct Exoplanet Imaging around Sun-like Stars: Beating the Speckle Noise with Innovative Imaging Techniques}",
      journal = {Journal of the Royal Astronomical Society of Canada},
         year = "2005",
        month = "Aug",
       volume = {99},
       number = {4},
        pages = {130},
       adsurl = {https://ui.adsabs.harvard.edu/abs/2005JRASC..99..130M},
      adsnote = {Provided by the SAO/NASA Astrophysics Data System}
}

@book{Electronic_imaging, 
    author = {Ian S. McLean},
    title = {Electronic Imaging in Astronomy},
    year = {2008},
    publisher= {Springer},
}

@BOOK{hecht,
  TITLE = {Optics},
  SUBTITLE = {International Edition},
  AUTHOR = {Hecht, Eugene},
  YEAR = {2002},
  PUBLISHER = {Pearson},
}

@article{williams,
author = {Williams, Jonathan and Cieza, Lucas},
year = {2011},
month = {03},
pages = {},
title = {Protoplanetary Disks and Their Evolution},
volume = {49},
journal = {Annual Review of Astronomy and Astrophysics - ANNU REV ASTRON ASTROPHYS},
doi = {10.1146/annurev-astro-081710-102548}
}

@article{garufi,
author = {Garufi, Antonio and Benisty, Myriam and Pinilla, P and Tazzari, Marco and Dominik, Carsten and Ginski, Christian and Henning, Thomas and Kral, Quentin and Langlois, Maud and Menard, Francois and Stolker, Tomas and Szulagyi, Judit and Villenave, Marion and van der Plas, Gerrit},
year = {2018},
month = {10},
pages = {},
title = {Evolution of protoplanetary disks from their taxonomy in scattered light: spirals, rings, cavities, and shadows}
}

@unpublished{pieter_okko,
author = {Okko van der Haak and Pieter Speelman},
year = {2018},
month = {6},
note = {Bachelor Thesis},
title = {Stellar disk reconstruction using Spectro-polarimetry},
}

@article{rings,
author = {Lodato, Giuseppe and Dipierro, Giovanni and Ragusa, Enrico and Long, Feng and Herczeg, Gregory J and Pascucci, Ilaria and Pinilla, Paola and Manara, Carlo F and Tazzari, Marco and Liu, Yao and Mulders, Gijs D and Harsono, Daniel and Boehler, Yann and Ménard, François and Johnstone, Doug and Salyk, Colette and van der Plas, Gerrit and Cabrit, Sylvie and Edwards, Suzan and Fischer, William J and Hendler, Nathan and Nisini, Brunella and Rigliaco, Elisabetta and Avenhaus, Henning and Banzatti, Andrea and Gully-Santiago, Michael},
year = {2019},
month = {03},
pages = {453-461},
title = {The newborn planet population emerging from ring-like structures in discs},
volume = {486},
journal = {Monthly Notices of the Royal Astronomical Society},
}
